@article{localizacaoEMapeamentoPaulo,
	Author = {Paulo Roberto Godoi De Oliveira},
	Title = {Auto-Localização e Construção de Mapas de Ambiente para Robôs Móveis Baseados em Visão Omnidirecional Estéreo},
	Year = {2008},
	Address = {São Paulo, Brasil},
}

@book{roboticaIndustrial,
	Author = {Vitor Ferreira Romano},
	Title = {Introdução à Robótica Industrial},
	Year = {2002},
	Booktitle = {Robótica Industrial: Aplicação na Indústria de Manufatura e de Processos.},
	publisher = {Edgard Blücher Ltda},
	isbn = 8521203152,
}

@book{interacaoRoboAmbiente,
	Author = {Anna Helena Reali Costa and
	 Jun {Okamoto Jr.}},
	Title = {Robótica Industrial - Interação de Robô no Ambiente},
	Year = {2002},
	publisher = {Edgard Blücher Ltda},
	Booktitle = {Robótica Industrial: Aplicação na Indústria de Manufatura e de Processos.},
	isbn = 8521203152,
}

@article{roboBulldozerIV,
	Author = {Frederico M. Santos and Valter F. Silva and Luís Almeida},
	Title = {Auto-localização em Pequenos Robôs Móveis e Autônomos:
O Caso do Robô Bulldozer IV},
	Year = {2002},
}

@article{ciber-rato,
	Author = {Nuno Lau and Arthur Pereira and Andreia Melo and António Neves and João Figueiredo},
	Title = {Ciber-Rato: Uma Competição Robótica num Ambiente Virtual},
	Year = {2002},
}










@inproceedings{sparrow1980,
	Author = {E. M. Sparrow},
	Title = {Forced Convection Heat Transfer in a Duct Having Spanwise-Periodic
	Rectangular Protuberances},
	Year = {1980},
	Pages = {149-167},
	Volume = {3},
	Booktitle = {Numerical Heat Transfer},
}




@article{coimbra1978,
	Author = {A. L. Coimbra},
	Title = {Lessons of Continuum Mechanics},
	Year = {1978},
	Address = {São Paulo, Brazil},
	Pages = {428},
	Editor = {Edgard Blücher},
}

@inproceedings{bordalo1989,
	Author = {S. N. Bordalo and J. H. Ferziger and S. J. Kline},
	Title = {The Development of Zonal Models for Turbulence},
	Year = {1989},
	Pages = {41-44},
	Booktitle = {Proceedings of the 10th Brazilian Congress of Mechanical
	Engineering}, 
	Volume = {1},	
}

@manual{NBR14724:2011,
	Address = {Rio de Janeiro},
	Date-Added = {2012-12-15 20:34:08 +0000},
	Date-Modified = {2012-12-15 20:35:25 +0000},
	Month = mar,
	Org-Short = {ABNT},
	Organization = {Associa{\c c}\~ao Brasileira de Normas T\'ecnicas},
	Pages = 15,
	Subtitle = {Informa{\c c}\~ao e documenta{\c c}\~ao --- trabalhos acad\^emicos --- apresenta{\c c}\~ao},
	Title = {{NBR} 14724},
	Year = 2011
}

@manual{NBR6034:2000,
	Address = {Rio de Janeiro},
	Org-Short = {ABNT},
	Organization = {Associa{\c c}\~ao Brasileira de Normas T\'ecnicas},
	Subtitle = {Informa{\c c}\~ao e documenta{\c c}\~ao --- Referências},
	Title = {{NBR} 14724},
	Year = 2000
}

